%% This BibTeX bibliography file was created using BibDesk.
%% http://bibdesk.sourceforge.net/

%% Created for NOEL JOHNSON at 2020-01-06 17:10:18 -0500 


%% Saved with string encoding Unicode (UTF-8) 



@article{ravallion2018inequality,
	Author = {Ravallion, Martin},
	Date-Added = {2020-01-06 17:10:17 -0500},
	Date-Modified = {2020-01-06 17:10:17 -0500},
	Journal = {Journal of Economic Literature},
	Number = {2},
	Pages = {620--42},
	Title = {Inequality and globalization: A review essay},
	Volume = {56},
	Year = {2018}}

@article{easterly2019review,
	Author = {Easterly, William},
	Date-Added = {2020-01-06 17:08:51 -0500},
	Date-Modified = {2020-01-06 17:08:51 -0500},
	Journal = {Journal of Economic Literature},
	Number = {4},
	Pages = {955--71},
	Title = {Review of Walter Scheidel's The Great Leveler: Violence and the History of Inequality from the Stone Age to the Twenty-First Century},
	Volume = {57},
	Year = {2019}}

@article{guriev2019gorbachev,
	Author = {Guriev, Sergei},
	Date-Added = {2020-01-06 17:05:25 -0500},
	Date-Modified = {2020-01-06 17:05:25 -0500},
	Journal = {Journal of Economic Literature},
	Number = {1},
	Pages = {120--46},
	Title = {Gorbachev versus Deng: A Review of Chris Miller's The Struggle to Save the Soviet Economy},
	Volume = {57},
	Year = {2019}}

@article{easterlin1981isn,
	Author = {Easterlin, Richard A},
	Date-Added = {2020-01-06 15:39:46 -0500},
	Date-Modified = {2020-01-06 15:39:46 -0500},
	Journal = {The Journal of Economic History},
	Number = {1},
	Pages = {1--17},
	Publisher = {Cambridge University Press},
	Title = {Why isn't the whole world developed?},
	Volume = {41},
	Year = {1981}}

@book{gidla2017ants,
	Author = {Gidla, Sujatha},
	Date-Added = {2020-01-06 15:13:08 -0500},
	Date-Modified = {2020-01-06 15:13:08 -0500},
	Publisher = {Farrar, Straus and Giroux},
	Title = {Ants among elephants: An untouchable family and the making of modern India},
	Year = {2017}}

@book{kuran2012long,
	Author = {Kuran, Timur},
	Date-Added = {2020-01-06 15:08:42 -0500},
	Date-Modified = {2020-01-06 15:08:42 -0500},
	Publisher = {Princeton University Press},
	Title = {The long divergence: How Islamic law held back the Middle East},
	Year = {2012}}

@book{scheidel2018great,
	Author = {Scheidel, Walter},
	Date-Added = {2020-01-06 15:07:53 -0500},
	Date-Modified = {2020-01-06 15:10:08 -0500},
	Publisher = {Princeton University Press},
	Title = {The great leveler: Violence and the history of inequality from the stone age to the twenty-first century},
	Year = {2018}}

@book{allen2009british,
	Author = {Allen, Robert C},
	Date-Added = {2020-01-06 15:06:48 -0500},
	Date-Modified = {2020-01-06 15:06:48 -0500},
	Publisher = {Cambridge University Press},
	Title = {The British industrial revolution in global perspective},
	Year = {2009}}

@book{mokyr2010enlightened,
	Author = {Mokyr, Joel},
	Date-Added = {2020-01-06 15:05:22 -0500},
	Date-Modified = {2020-01-06 15:05:22 -0500},
	Publisher = {Yale University Press},
	Title = {The Enlightened economy an economic history of Britain 1700-1850},
	Year = {2010}}

@book{rubin2017rulers,
	Author = {Rubin, Jared},
	Date-Added = {2020-01-06 15:04:02 -0500},
	Date-Modified = {2020-01-06 15:04:02 -0500},
	Publisher = {Cambridge University Press},
	Title = {Rulers, Religion, and Riches: Why the West got rich and the Middle East did not},
	Year = {2017}}

@book{johnson2019persecution,
	Author = {Johnson, Noel D and Koyama, Mark},
	Date-Added = {2020-01-06 15:03:07 -0500},
	Date-Modified = {2020-01-06 15:03:07 -0500},
	Publisher = {Cambridge University Press},
	Title = {Persecution \& toleration: The long road to religious freedom},
	Year = {2019}}

@book{acemoglu2019narrow,
	Author = {Acemoglu, Daron and Robinson, James A},
	Date-Added = {2020-01-06 15:00:20 -0500},
	Date-Modified = {2020-01-06 15:00:20 -0500},
	Publisher = {Penguin Press},
	Title = {The Narrow Corridor: States, Societies, and the Fate of Liberty},
	Year = {2019}}

@book{banerjee2019good,
	Author = {Banerjee, A and Duflo, E},
	Date-Added = {2020-01-06 14:50:08 -0500},
	Date-Modified = {2020-01-06 14:59:15 -0500},
	Publisher = {PublicAffairs},
	Title = {Good Economics for Hard Times},
	Year = {2019}}

@book{clark2008farewell,
	Author = {Clark, Gregory},
	Date-Added = {2019-01-04 17:37:26 -0500},
	Date-Modified = {2019-01-04 17:53:03 -0500},
	Publisher = {Princeton University Press},
	Title = {A farewell to alms: a brief economic history of the world},
	Year = {2008}}

@book{diamond1998guns,
	Author = {Diamond, Jared M},
	Date-Added = {2019-01-04 17:30:49 -0500},
	Date-Modified = {2019-01-04 17:30:49 -0500},
	Publisher = {Random House},
	Title = {Guns, germs and steel: a short history of everybody for the last 13,000 years},
	Year = {1998}}

@book{mcneill1998plagues,
	Author = {McNeill, William Hardy},
	Date-Added = {2019-01-04 17:29:54 -0500},
	Date-Modified = {2019-01-04 17:29:54 -0500},
	Publisher = {Anchor},
	Title = {Plagues and peoples},
	Year = {1998}}

@book{mokyr1992lever,
	Author = {Mokyr, Joel},
	Date-Added = {2019-01-04 17:29:19 -0500},
	Date-Modified = {2019-01-04 17:29:19 -0500},
	Publisher = {Oxford University Press},
	Title = {The lever of riches: Technological creativity and economic progress},
	Year = {1992}}

@book{north2009violence,
	Author = {North, Douglass C and Wallis, John Joseph and Weingast, Barry R},
	Date-Added = {2019-01-04 17:25:35 -0500},
	Date-Modified = {2019-01-11 11:24:51 -0500},
	Publisher = {Cambridge University Press},
	Title = {Violence and social orders: A conceptual framework for interpreting recorded human history},
	Year = {2009}}

@book{sen2001development,
	Author = {Sen, Amartya K},
	Date-Added = {2019-01-04 17:25:01 -0500},
	Date-Modified = {2019-01-04 17:25:01 -0500},
	Publisher = {Oxford University Press},
	Title = {Development as freedom},
	Year = {2001}}

@book{acemoglu2013nations,
	Author = {Acemoglu, Daron and Robinson, James A},
	Date-Added = {2019-01-04 17:23:24 -0500},
	Date-Modified = {2019-01-04 17:23:24 -0500},
	Publisher = {Broadway Business},
	Title = {Why nations fail: The origins of power, prosperity, and poverty},
	Year = {2013}}

@book{banerjee2011poor,
	Author = {Banerjee, Abhijit V and Duflo, Esther},
	Date-Added = {2019-01-04 17:22:16 -0500},
	Date-Modified = {2019-01-11 11:22:43 -0500},
	Publisher = {Public Affairs},
	Title = {Poor economics: A radical rethinking of the way to fight global poverty},
	Year = {2011}}

@book{wrong2009s,
	Author = {Wrong, Michela},
	Date-Added = {2019-01-04 17:20:48 -0500},
	Date-Modified = {2019-01-11 11:22:04 -0500},
	Publisher = {Fourth Estate London},
	Title = {It's our turn to eat: the story of a Kenyan whistleblower},
	Year = {2009}}

@book{collins2010portfolios,
	Author = {Collins, Daryl and Morduch, Jonathan and Rutherford, Stuart and Ruthven, Orlanda},
	Date-Added = {2019-01-04 17:20:10 -0500},
	Date-Modified = {2019-01-04 17:34:52 -0500},
	Publisher = {Princeton University Press},
	Title = {Portfolios of the poor: how the world's poor live on \$2 a day},
	Year = {2010}}

@book{easterly2002elusive,
	Author = {Easterly, William},
	Date-Added = {2019-01-04 17:19:34 -0500},
	Date-Modified = {2019-01-04 17:19:34 -0500},
	Publisher = {MIT press},
	Title = {The elusive quest for growth: economists' adventures and misadventures in the tropics},
	Year = {2002}}

@book{deaton2013great,
	Author = {Deaton, Angus},
	Date-Added = {2019-01-04 17:18:07 -0500},
	Date-Modified = {2019-01-04 17:18:07 -0500},
	Publisher = {Princeton University Press},
	Title = {The great escape: health, wealth, and the origins of inequality},
	Year = {2013}}

@article{nunn2010columbian,
	Author = {Nunn, Nathan and Qian, Nancy},
	Date-Added = {2019-01-04 16:37:33 -0500},
	Date-Modified = {2019-01-04 16:37:33 -0500},
	Journal = {Journal of Economic Perspectives},
	Number = {2},
	Pages = {163--88},
	Title = {The Columbian exchange: A history of disease, food, and ideas},
	Volume = {24},
	Year = {2010}}

@article{anderson2016jewish,
	Author = {Anderson, Robert Warren and Johnson, Noel D and Koyama, Mark},
	Date-Added = {2019-01-04 16:36:56 -0500},
	Date-Modified = {2019-01-04 16:36:56 -0500},
	Journal = {The Economic Journal},
	Number = {602},
	Pages = {924--958},
	Publisher = {Oxford University Press Oxford, UK},
	Title = {Jewish persecutions and weather shocks: 1100--1800},
	Volume = {127},
	Year = {2016}}

@article{hoff2014making,
	Author = {Hoff, Karla and Pandey, Priyanka},
	Date-Added = {2019-01-04 16:36:12 -0500},
	Date-Modified = {2019-01-04 16:36:12 -0500},
	Journal = {Journal of Development Economics},
	Pages = {118--131},
	Publisher = {Elsevier},
	Title = {Making up people---The effect of identity on performance in a modernizing society},
	Volume = {106},
	Year = {2014}}

@article{guiso2006does,
	Author = {Guiso, Luigi and Sapienza, Paola and Zingales, Luigi},
	Date-Added = {2019-01-04 16:35:34 -0500},
	Date-Modified = {2019-01-04 16:35:34 -0500},
	Journal = {Journal of Economic perspectives},
	Number = {2},
	Pages = {23--48},
	Title = {Does culture affect economic outcomes?},
	Volume = {20},
	Year = {2006}}

@article{voigtlander2013gifts,
	Author = {Voigtl{\"a}nder, Nico and Voth, Hans-Joachim},
	Date-Added = {2019-01-04 16:35:03 -0500},
	Date-Modified = {2019-01-04 16:35:03 -0500},
	Journal = {Journal of Economic Perspectives},
	Number = {4},
	Pages = {165--86},
	Title = {Gifts of Mars: Warfare and Europe's early rise to riches},
	Volume = {27},
	Year = {2013}}

@article{johnson2014taxes,
	Author = {Johnson, Noel D and Koyama, Mark},
	Date-Added = {2019-01-04 16:34:27 -0500},
	Date-Modified = {2019-01-04 16:34:27 -0500},
	Journal = {The Journal of Law and Economics},
	Number = {1},
	Pages = {77--112},
	Publisher = {University of Chicago Press Chicago, IL},
	Title = {Taxes, lawyers, and the decline of witch trials in France},
	Volume = {57},
	Year = {2014}}

@article{johnson2017states,
	Author = {Johnson, Noel D and Koyama, Mark},
	Date-Added = {2019-01-04 16:33:42 -0500},
	Date-Modified = {2019-01-04 16:33:42 -0500},
	Journal = {Explorations in Economic History},
	Pages = {1--20},
	Publisher = {Elsevier},
	Title = {States and economic growth: Capacity and constraints},
	Volume = {64},
	Year = {2017}}

@book{griffiths2015economist,
	Author = {Griffiths, Peter},
	Date-Added = {2019-01-04 16:32:57 -0500},
	Date-Modified = {2019-01-04 16:32:57 -0500},
	Publisher = {Zed Books Ltd.},
	Title = {The Economist's Tale: a consultant encounters hunger and the World Bank},
	Year = {2015}}

@book{north2007limited,
	Author = {North, Douglass C and Wallis, John Joseph and Webb, Steven B and Weingast, Barry R},
	Date-Added = {2019-01-04 16:32:21 -0500},
	Date-Modified = {2019-01-04 16:32:21 -0500},
	Publisher = {The World Bank},
	Title = {Limited access orders in the developing world: A new approach to the problems of development},
	Year = {2007}}

@article{acemoglu2001colonial,
	Author = {Acemoglu, Daron and Johnson, Simon and Robinson, James A},
	Date-Added = {2019-01-04 16:31:47 -0500},
	Date-Modified = {2019-01-04 16:31:47 -0500},
	Journal = {American economic review},
	Number = {5},
	Pages = {1369--1401},
	Title = {The colonial origins of comparative development: An empirical investigation},
	Volume = {91},
	Year = {2001}}

@article{bloom2010management,
	Author = {Bloom, Nicholas and Van Reenen, John},
	Date-Added = {2019-01-04 16:31:08 -0500},
	Date-Modified = {2019-01-04 16:31:08 -0500},
	Journal = {Journal of economic perspectives},
	Number = {1},
	Pages = {203--24},
	Title = {Why do management practices differ across firms and countries?},
	Volume = {24},
	Year = {2010}}

@article{nordhaus2007two,
	Author = {Nordhaus, William D},
	Date-Added = {2019-01-04 16:30:26 -0500},
	Date-Modified = {2019-01-04 16:30:26 -0500},
	Journal = {The Journal of Economic History},
	Number = {1},
	Pages = {128--159},
	Publisher = {Cambridge University Press},
	Title = {Two centuries of productivity growth in computing},
	Volume = {67},
	Year = {2007}}

@article{bosworth2008accounting,
	Author = {Bosworth, Barry and Collins, Susan M},
	Date-Added = {2019-01-04 16:29:44 -0500},
	Date-Modified = {2019-01-04 16:29:44 -0500},
	Journal = {Journal of Economic Perspectives},
	Number = {1},
	Pages = {45--66},
	Title = {Accounting for growth: comparing China and India},
	Volume = {22},
	Year = {2008}}

@article{bleakley2007disease,
	Author = {Bleakley, Hoyt},
	Date-Added = {2019-01-04 16:26:29 -0500},
	Date-Modified = {2019-01-04 16:26:29 -0500},
	Journal = {The quarterly journal of economics},
	Number = {1},
	Pages = {73--117},
	Publisher = {MIT Press},
	Title = {Disease and development: evidence from hookworm eradication in the American South},
	Volume = {122},
	Year = {2007}}

@article{jedwab2015urbanization,
	Author = {Jedwab, Remi and Vollrath, Dietrich},
	Date-Added = {2019-01-04 16:24:47 -0500},
	Date-Modified = {2019-01-04 16:24:47 -0500},
	Journal = {Explorations in Economic History},
	Pages = {1--21},
	Publisher = {Elsevier},
	Title = {Urbanization without growth in historical perspective},
	Volume = {58},
	Year = {2015}}

@article{eggleston2012new,
	Author = {Eggleston, Karen N and Fuchs, Victor R},
	Date-Added = {2019-01-04 16:24:10 -0500},
	Date-Modified = {2019-01-04 16:24:10 -0500},
	Journal = {Journal of Economic Perspectives},
	Number = {3},
	Pages = {137--56},
	Title = {The new demographic transition: most gains in life expectancy now realized late in life},
	Volume = {26},
	Year = {2012}}

@article{kremer1993population,
	Author = {Kremer, Michael},
	Date-Added = {2019-01-04 16:23:22 -0500},
	Date-Modified = {2019-01-04 16:23:22 -0500},
	Journal = {The Quarterly Journal of Economics},
	Number = {3},
	Pages = {681--716},
	Publisher = {MIT Press},
	Title = {Population growth and technological change: One million BC to 1990},
	Volume = {108},
	Year = {1993}}

@article{pritchett1997divergence,
	Author = {Pritchett, Lant},
	Date-Added = {2019-01-04 16:09:28 -0500},
	Date-Modified = {2019-01-04 16:09:28 -0500},
	Journal = {The Journal of Economic Perspectives},
	Number = {3},
	Pages = {3--17},
	Title = {Divergence, Big Time},
	Volume = {11},
	Year = {1997}}

@article{ravallion2001mystery,
	Author = {Ravallion, Martin},
	Date-Added = {2019-01-04 16:07:43 -0500},
	Date-Modified = {2019-01-04 16:07:43 -0500},
	Journal = {the world bank economic review},
	Number = {1},
	Pages = {115--140},
	Publisher = {Oxford University Press},
	Title = {The mystery of the vanishing benefits: An introduction to impact evaluation},
	Volume = {15},
	Year = {2001}}

@article{freedman1991statistical,
	Author = {Freedman, David A},
	Date-Added = {2019-01-04 16:05:19 -0500},
	Date-Modified = {2019-01-04 16:05:19 -0500},
	Journal = {Sociological methodology},
	Pages = {291--313},
	Publisher = {JSTOR},
	Title = {Statistical models and shoe leather},
	Year = {1991}}

@article{banerjee2007economic,
	Author = {Banerjee, Abhijit V and Duflo, Esther},
	Date-Added = {2019-01-04 15:52:13 -0500},
	Date-Modified = {2019-01-04 15:52:13 -0500},
	Journal = {Journal of economic perspectives},
	Number = {1},
	Pages = {141--168},
	Title = {The economic lives of the poor},
	Volume = {21},
	Year = {2007}}

@book{hartmann1983quiet,
	Author = {Hartmann, Betsy and Boyce, James K},
	Date-Added = {2019-01-04 15:48:00 -0500},
	Date-Modified = {2019-01-04 15:48:00 -0500},
	Publisher = {Zed Books},
	Title = {A quiet violence: View from a Bangladesh village},
	Year = {1983}}
